% A bibliography used by the example work report, using uw-ece-workreport.cls 
% Copyright (C) 2002,2003  Simon Law
% 
% This program is free software; you can redistribute it and/or modify
% it under the terms of the GNU General Public License as published by
% the Free Software Foundation; either version 2 of the License, or
% (at your option) any later version.
% 
% This program is distributed in the hope that it will be useful,
% but WITHOUT ANY WARRANTY; without even the implied warranty of
% MERCHANTABILITY or FITNESS FOR A PARTICULAR PURPOSE.  See the
% GNU General Public License for more details.
% 
% You should have received a copy of the GNU General Public License
% along with this program; if not, write to the Free Software
% Foundation, Inc., 59 Temple Place, Suite 330, Boston, MA  02111-1307  USA

%%%%%%%%%%%%%%%%%%%%%%%%%%%%%%%%%%%%%%%%%%%%%%%%%%%%%%%%%%%%%%%%%%%%%%%%
% This is an example bibliography, made using BiBTeX.
%
% You can place entries in any order, and BiBTeX will order them
% correctly, saving you time and trouble.  All you have to do is make
% sure your references here match up with the references in your main
% document.
%%%%%%%%%%%%%%%%%%%%%%%%%%%%%%%%%%%%%%%%%%%%%%%%%%%%%%%%%%%%%%%%%%%%%%%%

% Here is a reference to a book.
@book{ref:latex2e,
  author    = "Leslie Lamport and Duane {Bibby (Illustrator)}",
  title     = "\LaTeX: a document preparation system",
  edition   = "second",
  publisher = "Addison-Wesley",
  address   = "Reading, MA",
  year      = "1994",
}

% Now, we have a book; but it is only self-published online.
@book{ref:short,
  author    = "Tobias Oetiker and Hubert Partl and Irene Hyna and
               Elisabeth Schlegl",
  title     = "The not so short introduction to \LaTeXe: or \LaTeXe{}
               in 95 minutes",
  year      = "2001",
  note      = "\url{http://people.ee.ethz.ch/~oetiker/lshort/}
              (current Aug.\ 2002)",
}

% This is a good example for how to cite a website.  Notice how line
% breaks are just treated as a space.
@misc{ref:vim,
  title   = "welcome : vim online",
  note    = "\url{http://vim.sourceforge.net}
             (current Aug.\ 2002)",
}

% Here is an example of how to deal with titles, such as Jr. and PEng.
@misc{ref:eceguidelines,
  author  = "W. M. {Loucks PEng} and G. H. Freeman and J. A. {Barby PEng}",
  title   = "{E\&CE} Work Term Report Guidelines",
  note    = "\url{http://www.ece.uwaterloo.ca/~wtrc/WrkTrmRpt.html}
             (current Aug.\ 2002)",
}

% Look at how I preserve capitalisation in the work GNU.
@misc{ref:emacs,
  title   = "{GNU} {E}macs ---
             {GNU} Project ---
             {F}ree {S}oftware {F}oundation ({FSF})",
  note    = "\url{http://www.gnu.org/software/emacs/emacs.html}
             (current Aug.\ 2002)",
}

@misc{ref:coopman,
  author  = "{University of Waterloo,
             Co-operative Education \& Career Services}",
  title   = "Co-operative Education \& Career Services Student
             Reference Manual",
  note    = "\url{http://www.cecs.uwaterloo.ca/manual/}
             (current Aug.\ 2002)",
}

@misc{ref:vi,
  title   = "{VI} LOVERS HOME PAGE",
  note    = "\url{http://www.thomer.com/vi/vi.html}
             (current Aug.\ 2002)",
}

@misc{ref:tetex,
  title   = "The {teTeX} homepage",
  note    = "\url{http://www.tug.org/teTeX/}
             (current Aug.\ 2002)",
}

@misc{ref:miktex,
  title   = "{MikTeX} Project Page",
  note    = "\url{http://www.miktex.org}
             (current Aug.\ 2002)",
}

@misc{ref:gs,
  title   = "ghostscript.com",
  note    = "\url{http://www.ghostscript.com}
             (current Aug.\ 2002)",
}

@book{ref:simplified,
  author    = "Harvey J. Greenberg",
  title     = "A simplified introduction to \LaTeX",
  year      = "2001",
  note      = "\url{http://carbon.cuderwer.edu/~hgreenbe/aboutme/simplified-intro.html}
               (current Aug.\ 2002)",
}

@book{ref:companion,
  author    = "Michel Goosens and Frank Mittelback and Alexander Samarin",
  title     = "The \LaTeX companion",
  publisher = "Addison-Wesley",
  address   = "Reading, MA",
  year      = "1994",
}

@book{ref:taocp,
  author    = "Donald E. Knuth",
  title     = "The art of computer programming",
  publisher = "Addison-Wesley",
  address   = "Reading, MA",
  year      = "1997",
}

@misc{ref:donpicture,
  title   = "Knuth: Graphics",
  note    = "\url{http://www-cs-faculty.stanford.edu/~knuth/graphics.html}
             (current Jan.\ 2003)",
}

@misc{ref:http,
  author = "R. T. Felding and J. Gettys and J. C. Mogul and H. F. Nielsen and
            L. Masinter and P. J. Leach and T. Berners-Lee",
  note   = "\url{http://www.w3.org/Protocols/rfc2616/rfc2616.html}",
  title  = "{H}ypertext {T}ransfer {P}rotocol -- {H}{T}{T}{P}/1.1",
  year   = "1999",
}

@misc{ref:b423377,
  author = "B. Sayre and B. Zbarsky and G.Kanai and M. Shaver and M. Beltzner
            and T. Mielczarek and E. Jung and S. Pasche and R. O'Callahan and
            B. Elch and M. Hommey and S. Parkinson and K. Hamilton and
            Y. Goolamabbas and C. Hofmann and S. Wilsher and F. Schroeder",
  note   = "\url{https://bugzilla.mozilla.org/show_bug.cgi?id=423377}",
  title  = "{B}ug 423377 - (wedidntstartthefire) {C}hange
            max-persistent-connections-per-server to 6.",
  year   = "2008",
}

@misc{ref:s3cors,
  organization = "Amazon Web Services, Inc.",
  note   = "\url{http://aws.amazon.com/about-aws/whats-new/2012/08/31/amazon-s3-announces-cross-origin-resource-sharing-CORS-support/}",
  title  = "{A}mazon {S}3 announces {C}ross-{O}rigin {R}esource {S}haring ({C}{O}{R}{S}) support",
  year   = "2012",
}

@misc{ref:botoreadme,
  author = "J. Riley and M. Garnaat and T. Parslow and C. Bednarski and
            J. Saryerwinnie and J. Sondow and T. Grainger and D. Lindsley and
            M. Stevens",
  note   = "\url{https://github.com/boto/boto/blob/develop/README.rst}",
  title  = "boto",
  year   = "2012",
}

@misc{ref:gaeblob,
  organization = "Google Inc.",
  note   = "\url{https://developers.google.com/appengine/docs/python/blobstore/overview}",
  title  = "{B}lobstore {P}ython {A}{P}{I} {O}verview",
  year   = "2013",
}

@misc{ref:gaeimage,
  organization = "Google Inc.",
  note   = "\url{https://developers.google.com/appengine/docs/python/images/functions\#Image_get_serving_url}",
  title  = "{F}unctions: get\_serving\_url(blob\_key, size={N}one, crop={F}alse, secure\_url={N}one)",
  year   = "2013",
}

@misc{ref:gaecs,
  organization = "Google Inc.",
  note   = "\url{https://developers.google.com/appengine/docs/python/googlestorage/overview}",
  title  = "{G}oogle {C}loud {S}torage {P}ython {A}{P}{I} {O}verview",
  year   = "2013",
}
